@book{LecNotes2018,
  author          = {Evans, David and Angdinata, David Kurniadi},
  title           = {M3P65: Mathematical Logic},
  series          = {Lecture Notes},
  publisher       = {Imperial College London},
  month           = {Autumn},
  year            = {2018}
}
}
